@inproceedings{Art1,
  title={A day in the life of jos: a web-based game to increase children's digital literacy},
  author={Maqsood, Sana and Mekhail, Christine and Chiasson, Sonia},
  booktitle={Proceedings of the 17th ACM Conference on Interaction Design and Children},
  pages={241--252},
  year={2018}
}

@inproceedings{Art2,
  title={AIMED: agile, integrative and open method for open educational resources development},
  author={Rocha, Rafaela V and Valle, Pedro HD and Maldonado, Jos{\'e} C and Bittencourt, Ig I and Isotani, Seiji},
  booktitle={2017 IEEE 17th International Conference on Advanced Learning Technologies (ICALT)},
  pages={163--167},
  year={2017},
  organization={IEEE}
}

@inproceedings{Art3,
  title={A learning objective focused methodology for the design and evaluation of game-based tutors},
  author={Eagle, Michael John and Barnes, Tiffany},
  booktitle={Proceedings of the 43rd ACM technical symposium on Computer Science Education},
  pages={99--104},
  year={2012}
}
